@String(PAMI = {IEEE Trans. Pattern Anal. Mach. Intell.})
@String(IJCV = {Int. J. Comput. Vis.})
@String(CVPR= {IEEE Conf. Comput. Vis. Pattern Recog.})
@String(ICCV= {Int. Conf. Comput. Vis.})
@String(ECCV= {Eur. Conf. Comput. Vis.})
@String(NIPS= {Adv. Neural Inform. Process. Syst.})
@String(ICPR = {Int. Conf. Pattern Recog.})
@String(BMVC= {Brit. Mach. Vis. Conf.})
@String(TOG= {ACM Trans. Graph.})
@String(TIP  = {IEEE Trans. Image Process.})
@String(TVCG  = {IEEE Trans. Vis. Comput. Graph.})
@String(TMM  = {IEEE Trans. Multimedia})
@String(ACMMM= {ACM Int. Conf. Multimedia})
@String(ICME = {Int. Conf. Multimedia and Expo})
@String(ICASSP=	{ICASSP})
@String(ICIP = {IEEE Int. Conf. Image Process.})
@String(ACCV  = {ACCV})
@String(ICLR = {Int. Conf. Learn. Represent.})
@String(IJCAI = {IJCAI})
@String(PR   = {Pattern Recognition})
@String(AAAI = {AAAI})
@String(CVPRW= {IEEE Conf. Comput. Vis. Pattern Recog. Worksh.})
@String(CSVT = {IEEE Trans. Circuit Syst. Video Technol.})

@String(SPL	= {IEEE Sign. Process. Letters})
@String(VR   = {Vis. Res.})
@String(JOV	 = {J. Vis.})
@String(TVC  = {The Vis. Comput.})
@String(JCST  = {J. Comput. Sci. Tech.})
@String(CGF  = {Comput. Graph. Forum})
@String(CVM = {Computational Visual Media})


@String(PAMI  = {IEEE TPAMI})
@String(IJCV  = {IJCV})
@String(CVPR  = {CVPR})
@String(ICCV  = {ICCV})
@String(ECCV  = {ECCV})
@String(NIPS  = {NeurIPS})
@String(ICPR  = {ICPR})
@String(BMVC  =	{BMVC})
@String(TOG   = {ACM TOG})
@String(TIP   = {IEEE TIP})
@String(TVCG  = {IEEE TVCG})
@String(TCSVT = {IEEE TCSVT})
@String(TMM   =	{IEEE TMM})
@String(ACMMM = {ACM MM})
@String(ICME  =	{ICME})
@String(ICASSP=	{ICASSP})
@String(ICIP  = {ICIP})
@String(ACCV  = {ACCV})
@String(ICLR  = {ICLR})
@String(IJCAI = {IJCAI})
@String(PR = {PR})
@String(AAAI = {AAAI})
@String(CVPRW= {CVPRW})
@String(CSVT = {IEEE TCSVT})

@misc{Warner,
 author = {James Warner},
 title = {Predicting Margin of Victory in NFL Games: Machine Learning vs. the Las Vegas Line},
 year = 2010
}

@misc{Pettersson,
 author = {Daniel Pettersson, Robert Nyquist},
 title = {Football Match Prediction using
Deep Learning},
 year = 2017
}

@misc{Jiménez,
 author = {Román Alberto Vélez Jiménez, José Manuel Lecuanda Ontiveros, Edgar Possani},
 title = {Sports Betting: an application of neural networks
and modern portfolio theory to the English Premier
League},
 year = 2023
}

@misc{Hubáček,
 author = {Ondřej Hubáček, Gustav Šourek, Filip Železný},
 title = {Exploiting sports-betting market using machine learning},
 year = 2019
}

@misc{BBR,
 author = {Sports Reference LLC},
 title = {Basketball-Reference.com - Basketball Statistics and History},
 year = 2024
}

@misc{GP,
 author = {Yoshua Bengio, Olivier Delalleau, and Nicolas L Roux},
 title = {The curse of highly variable functions for local kernel machines},
 year = 2005
}

@misc{Benchmark,
 author = {Albrecht Zimmermann, Sruthi Moorthy, and Zifan Shi},
 title = {Predicting college basketball match outcomes
using machine learning techniques: some results and lessons learned},
 year = 2013
}

@misc{Oliver,
author = {Dean Oliver},
 title = {Basketball on Paper},
 year = 2004}

@misc{Confidence,
author = {Terrance DeVries, Graham W. Taylor},
 title = {Learning Confidence for Out-of-Distribution Detection in Neural Networks},
 year = 2018}

@misc{Mnih,
 author = {Volodymyr Mnih et al},
 title = {Playing Atari with Deep Reinforcement Learning},
 year = 2013
}

@misc{Haarnoja,
 author = {Tuomas Haarnoja et al},
 title = {Learning to walk via deep reinforcement learning.},
 year = 2018
}

@misc{Hu,
author = {Sihao Hu et al},
title = {POKELLMON: A Human-Parity Agent for Pokemon Battles
with Large Language Models},
year = 2024
}

@misc{Whiddy,
author = {Peter Whidden},
title = {Training AI to Play Pokemon with Reinforcement Learning},
year = 2021
}

@misc{Barros,
author = { Pablo Barros et al},
title = {All by Myself: Learning Individualized Competitive Behaviour with a Contrastive Reinforcement Learning optimization},
year = 2023
}

@article{Compton,
author = {Caleb Compton},
title = { How I Taught an AI to Play Pokemon Emerald },
year = 2020
}

@inproceedings{Alpher05,
author = {FirstName Alpher and FirstName Gamow},
title = {Can a computer frobnicate?},
booktitle = CVPR,
pages = {234--778},
year = 2005
}



